<record><leader>00000cas a22000007a 4500</leader><controlfield tag="001">25697786</controlfield><controlfield tag="008">920423d189219uuwyuwr ne      0    0eng d</controlfield><datafield ind1=" " ind2=" " tag="010"><subfield code="a">sn 92067011 </subfield></datafield><datafield ind1=" " ind2=" " tag="040"><subfield code="a">NVO</subfield><subfield code="b">eng</subfield><subfield code="c">NVO</subfield><subfield code="d">OCLCQ</subfield></datafield><datafield ind1=" " ind2=" " tag="042"><subfield code="a">msc</subfield></datafield><datafield ind1="0" ind2=" " tag="130"><subfield code="a">Newcastle news-journal (Newcastle, Wyo. : 1892)</subfield></datafield><datafield ind1="1" ind2="0" tag="245"><subfield code="a">Newcastle news-journal.</subfield></datafield><datafield ind1="1" ind2="3" tag="246"><subfield code="a">News-journal</subfield></datafield><datafield ind1=" " ind2=" " tag="260"><subfield code="a">Newcastle, Weston County, Wyo. :</subfield><subfield code="b">Newcastle Pub. Co.</subfield></datafield><datafield ind1=" " ind2=" " tag="300"><subfield code="a">v.</subfield></datafield><datafield ind1=" " ind2=" " tag="310"><subfield code="a">Weekly</subfield></datafield><datafield ind1="0" ind2=" " tag="362"><subfield code="a">Vol. 3, no. 44 (June 3, 1892)-</subfield></datafield><datafield ind1=" " ind2=" " tag="500"><subfield code="a">1900 Christmas number is called: "The Leader and news-journal."</subfield></datafield><datafield ind1=" " ind2=" " tag="515"><subfield code="a">Numbering is irregular.</subfield></datafield><datafield ind1=" " ind2="4" tag="651"><subfield code="a">Newcastle (Wyo.)</subfield><subfield code="v">Newspapers.</subfield></datafield><datafield ind1=" " ind2="4" tag="651"><subfield code="a">Weston County (Wyo.)</subfield><subfield code="v">Newspapers.</subfield></datafield><datafield ind1=" " ind2=" " tag="752"><subfield code="a">United States</subfield><subfield code="b">Wyoming</subfield><subfield code="c">Weston</subfield><subfield code="d">Newcastle.</subfield></datafield><datafield ind1="0" ind2="4" tag="780"><subfield code="t">Newcastle news</subfield><subfield code="w">(DLC)sn 92067009</subfield></datafield><datafield ind1="0" ind2="4" tag="780"><subfield code="t">Newcastle journal (Newcastle, Wyo.)</subfield><subfield code="w">(DLC)sn 92067010</subfield></datafield><datafield ind1="0" ind2="7" tag="785"><subfield code="t">Weston County leader</subfield><subfield code="w">(DLC)sn 92067012</subfield></datafield><datafield ind1="0" ind2="7" tag="785"><subfield code="t">Newcastle news journal and Weston County leader</subfield><subfield code="w">(DLC)sn 92067013</subfield></datafield></record>